@article{RefWorks:1,
author={Y. our Mother},
year={2004},
title={Yo Mamma so fat},
journal={Bitches},
volume={1},
number={4-5},
pages={244-67},
url={https://www.google.com}
}

@article{RefWorks:2,
author={Christoforou},
year={2011},
title={Best Sat Nav features you've never heard of},
url={https://blogs.which.co.uk/technology/sat-navs-3/best-sat-nav-features-youve-never-heard-of/}
}